<record><leader>00000cas a22000007a 4500</leader><controlfield tag="001">10812179</controlfield><controlfield tag="008">840606d18681929inuwr ne      0   a0eng d</controlfield><datafield ind1=" " ind2=" " tag="010"><subfield code="a">sn 84024492 </subfield></datafield><datafield ind1=" " ind2=" " tag="040"><subfield code="a">NPV</subfield><subfield code="b">eng</subfield><subfield code="c">NPV</subfield><subfield code="d">NPU</subfield><subfield code="d">NPX</subfield><subfield code="d">NPI</subfield><subfield code="d">YOX</subfield><subfield code="d">OCLCQ</subfield><subfield code="d">CUI</subfield><subfield code="d">OCLCQ</subfield><subfield code="d">OCLCF</subfield></datafield><datafield ind1="1" ind2=" " tag="029"><subfield code="a">AU@</subfield><subfield code="b">000024693774</subfield></datafield><datafield ind1=" " ind2=" " tag="042"><subfield code="a">msc</subfield></datafield><datafield ind1=" " ind2=" " tag="043"><subfield code="a">n-us-in</subfield></datafield><datafield ind1="0" ind2=" " tag="130"><subfield code="a">Dearborn independent (Aurora, Ind. : 1868)</subfield></datafield><datafield ind1="1" ind2="0" tag="245"><subfield code="a">Dearborn independent.</subfield></datafield><datafield ind1=" " ind2=" " tag="260"><subfield code="a">Aurora, Ind. :</subfield><subfield code="b">Dearborn Pub. Co.</subfield></datafield><datafield ind1=" " ind2=" " tag="300"><subfield code="a">v. ;</subfield><subfield code="c">61-63 cm.</subfield></datafield><datafield ind1=" " ind2=" " tag="310"><subfield code="a">Weekly</subfield></datafield><datafield ind1="1" ind2=" " tag="362"><subfield code="a">Began with July 2, 1868 issue.</subfield><subfield code="z">Cf. Gregory, W. Amer. newspapers.</subfield></datafield><datafield ind1="0" ind2=" " tag="362"><subfield code="a">-v. 61, no. 52 (Apr. 18, 1929).</subfield></datafield><datafield ind1=" " ind2=" " tag="500"><subfield code="a">Subtitle: 1868-1871, "Let loyal men only hold sway o'er the land."</subfield></datafield><datafield ind1=" " ind2=" " tag="500"><subfield code="a">Editors: Thomas Cobb, &lt;1871&gt;; L.W. Cobb, &lt;1876&gt;; A.G. Pedersen &lt;1927&gt;; Wm. F. Fehrman &lt;1929&gt;.</subfield></datafield><datafield ind1=" " ind2=" " tag="500"><subfield code="a">Publishers: J.W. McDonald &amp; Thomas Cobb, &lt;1868&gt;; Denton &amp; Cobb, &lt;1870&gt;; Thomas Cobb, &lt;1871&gt;-1873; L.W. Cobb, 1873-1876.</subfield></datafield><datafield ind1=" " ind2=" " tag="500"><subfield code="a">"Republican." Cf. Miller, J.W. Ind. newspaper bibliography.</subfield></datafield><datafield ind1=" " ind2=" " tag="515"><subfield code="a">Numerous early issues are misdated.</subfield></datafield><datafield ind1=" " ind2=" " tag="588"><subfield code="a">Description based on: Vol. 1, no. 6 (Aug. 6, 1868).</subfield></datafield><datafield ind1=" " ind2="0" tag="651"><subfield code="a">Aurora (Ind.)</subfield><subfield code="v">Newspapers.</subfield></datafield><datafield ind1=" " ind2="7" tag="655"><subfield code="a">Newspapers.</subfield><subfield code="2">fast</subfield><subfield code="0">(OCoLC)fst01423814</subfield></datafield><datafield ind1=" " ind2="7" tag="651"><subfield code="a">Indiana</subfield><subfield code="z">Aurora.</subfield><subfield code="2">fast</subfield><subfield code="0">(OCoLC)fst01238722</subfield></datafield><datafield ind1=" " ind2=" " tag="752"><subfield code="a">United States</subfield><subfield code="b">Indiana</subfield><subfield code="c">Dearborn</subfield><subfield code="d">Aurora.</subfield></datafield><datafield ind1="0" ind2="0" tag="780"><subfield code="t">Aurora commercial</subfield><subfield code="w">(DLC)sn 83025592</subfield><subfield code="w">(OCoLC)9641856</subfield></datafield><datafield ind1="0" ind2="0" tag="785"><subfield code="t">Aurora journal</subfield><subfield code="w">(DLC)sn 84045585</subfield></datafield></record>